<record><leader>00000cas a22000007a 4500</leader><controlfield tag="001">22541481</controlfield><controlfield tag="008">901022u19uuuuuumnumn ne      0    0eng d</controlfield><datafield ind1=" " ind2=" " tag="010"><subfield code="a">sn 90060461 </subfield></datafield><datafield ind1=" " ind2=" " tag="040"><subfield code="a">MN#</subfield><subfield code="b">eng</subfield><subfield code="c">MN#</subfield><subfield code="d">OCL</subfield><subfield code="d">OCLCQ</subfield><subfield code="d">OCLCF</subfield><subfield code="d">OCLCO</subfield></datafield><datafield ind1="1" ind2=" " tag="029"><subfield code="a">AU@</subfield><subfield code="b">000020621337</subfield></datafield><datafield ind1=" " ind2=" " tag="042"><subfield code="a">msc</subfield></datafield><datafield ind1=" " ind2=" " tag="043"><subfield code="a">n-us-mn</subfield></datafield><datafield ind1=" " ind2=" " tag="052"><subfield code="a">4144</subfield><subfield code="b">I5</subfield></datafield><datafield ind1=" " ind2=" " tag="052"><subfield code="a">4143</subfield><subfield code="b">K6</subfield></datafield><datafield ind1="0" ind2="4" tag="245"><subfield code="a">The voyageurs view point.</subfield></datafield><datafield ind1="3" ind2="0" tag="246"><subfield code="a">Voyageurs viewpoint</subfield></datafield><datafield ind1=" " ind2=" " tag="260"><subfield code="a">[International Falls, Minn.] :</subfield><subfield code="b">Rainy River State Junior College</subfield></datafield><datafield ind1=" " ind2=" " tag="300"><subfield code="a">v.</subfield></datafield><datafield ind1=" " ind2=" " tag="310"><subfield code="a">Monthly (during school year)</subfield></datafield><datafield ind1=" " ind2=" " tag="530"><subfield code="a">Available on microfilm from the Minnesota Historical Society.</subfield></datafield><datafield ind1=" " ind2=" " tag="588"><subfield code="a">Description based on: Vol. 2, no. 1 (Oct. 1968).</subfield></datafield><datafield ind1="2" ind2="0" tag="610"><subfield code="a">Rainy River State Junior College</subfield><subfield code="v">Periodicals.</subfield></datafield><datafield ind1=" " ind2="0" tag="650"><subfield code="a">Junior colleges</subfield><subfield code="z">Minnesota</subfield><subfield code="z">International Falls</subfield><subfield code="v">Periodicals.</subfield></datafield><datafield ind1=" " ind2="0" tag="650"><subfield code="a">Schools</subfield><subfield code="z">Minnesota</subfield><subfield code="z">International Falls</subfield><subfield code="v">Periodicals.</subfield></datafield><datafield ind1=" " ind2="0" tag="650"><subfield code="a">Universities and colleges</subfield><subfield code="z">Minnesota</subfield><subfield code="z">International Falls</subfield><subfield code="v">Periodicals.</subfield></datafield><datafield ind1=" " ind2="7" tag="655"><subfield code="a">Periodicals.</subfield><subfield code="2">fast</subfield><subfield code="0">(OCoLC)fst01411641</subfield></datafield><datafield ind1="2" ind2="7" tag="610"><subfield code="a">Rainy River State Junior College.</subfield><subfield code="2">fast</subfield><subfield code="0">(OCoLC)fst00551421</subfield></datafield><datafield ind1=" " ind2="7" tag="650"><subfield code="a">Junior colleges.</subfield><subfield code="2">fast</subfield><subfield code="0">(OCoLC)fst00984892</subfield></datafield><datafield ind1=" " ind2="7" tag="650"><subfield code="a">Schools.</subfield><subfield code="2">fast</subfield><subfield code="0">(OCoLC)fst01107958</subfield></datafield><datafield ind1=" " ind2="7" tag="650"><subfield code="a">Universities and colleges.</subfield><subfield code="2">fast</subfield><subfield code="0">(OCoLC)fst01161597</subfield></datafield><datafield ind1=" " ind2="7" tag="651"><subfield code="a">Minnesota</subfield><subfield code="z">International Falls.</subfield><subfield code="2">fast</subfield><subfield code="0">(OCoLC)fst01217335</subfield></datafield><datafield ind1="2" ind2=" " tag="710"><subfield code="a">Rainy River State Junior College.</subfield></datafield></record>